@string{BB    = "Rapport stage M2"}
@string{BP    = "Rapport stage M2"}

@Article{Liu2000,
title = {Locally Resonant Sonic Materials},
author = {Z.Liu and al},
journal = {Science},
volume = {289},
year = {2000},
pages = {1734-1736}
}
@Article{Fang,
title = {Ultrasonic metamaterials with negative modulus},
author = {N.Fang and al},
journal = {Nature Materials},
volume = {5},
year = {2006},
pages = {452-456}
}
@Article{Pendry,
title = {Controlling Electromagnetic Fields},
author = {J. B. PENDRY and al},
journal = {Science},
year = {2006},
pages = {1780-1782}
}
@Article{Cummer,
title = {Full-wave simulations of electromagnetic cloaking structures},
author = {Steven A. Cummer and al},
journal = {Physical Review},
year = {2006},
volume = {E 74},
pages = {036621}
}

@article{Allard,
author = {Y. Champoux and J-F. Allard},
title = {Dynamic tortuosity and bulk modulus in air-saturated porous media},
journal = {Journal of Applied Physics},
volume = {70(4)},
year = {1975(1991)}
}

@article{Lafarge,
author = {D. Lafarge and al},
title = {Dynamic compressibility of air in porous structures at audible frequencies},
journal = {The Journal of the Acoustical Society of America},
volume = {102},
year = {1995(1997)}
}

@article{Johnson,
author = {D. L. Johnson and al},
title = {Theory of dynamic permeability and tortuosity in fluid-saturated porous media},
journal = {Journal of Fluid Mechanics},
volume = {176},
year = {2007},
page = {379-402}
}

@article{Castanie,
author = {A. Castani√© and al},
title = {Generalized method for retrieving effective parameters of anisotropic metamaterials},
journal = {Optical Society of America},
year = {2014}
}

@article{Markos,
author = {P. Markos and C.M. Soukoulis},
title = {Transmission properties and effective electromagnetic parameters of double negative metamaterials},
journal = {Optical Society of America},
year = {2003}
}

@article{Smith,
author = {D.R. Smith and al},
title = {Electromagnetic parameter retrieval from inhomogeneous metamaterials},
journal = {Physical Review},
volume = {E 71},
year = {2005}
}

@article{Nicolson,
author = {A.M. Nicolson and G.F. Ross},
title = {Measurement of the Intrinsic Properties of Materials by Time-Domain Techniques},
journal = {IEEE transactions on instrumentation and measurements},
volume = {IM-19, No.4},
year = {1970}
}

@article{WEIR,
author = {W.B. WEIR},
title = {Automatic Measurement of Complex Dielectric Constant and Permeability at Microwave Frequencies },
journal = {Proceeding of the IEEE},
volume = {vol. 62, No 1},
year = {1974}
}

@article{Niskanen,
author = {M. Niskanen and al},
title = {Deterministic and statistical characterization of rigid frame porous materials from impedance tube measurements},
journal = {Journal of the Acoustical Society of America},
volume = {142(4)},
year = {2017}
}

@Article{Fokin2007,
title = {Method for retrieving effective properties of locally resonant acoustic metamaterials},
author = {V.Fokin and al},
journal = {Phys. Rev. B},
volume = {76},
year = {2007},
pages = {144302}
}

@Article{Zigoneanu2011,
title = {Design and measurements of a broadband two-dimensional acoustic metamaterial with anisotropic effective mass density},
author = {L.Zigoneanu and al},
journal = {J. Appl. Phys.},
volume = {109},
year = {2011},
pages = {054906}
}


